@Book{ungar2002uvod,
  author = 	 {Brett Lantz},
  title = 	 {{Machine Learning with R}},
  year = 	 {2002}
}

@Book{m1,
  author = 	 {Ryan Baker},
  title = 	 {{R for Data Science}},
  year = 	 {2016}
}

@Book{m2,
  author = 	 {Damir Pintar},
  title = 	 {{Programirajmo u R-u}},
  year = 	 {2017}
}

@Book{m3,
  author = 	 {Mouhib Alnoukari, Asim El Sheikh},
  title = 	 {{Knowledge Discovery Process Models: From Traditional to Agile Modeling}},
  year = 	 {2011}
}

@Book{skrip,
  author = 	 {Jan Šnajder, Bojana Dalbelo Bašić},
  title = 	 {{Strojno učenje -- skripta}},
  year = 	 {2012}
}

@misc{ibm,
  title = {Bringing big data to the enterprise},
  howpublished = {\url{https://www-01.ibm.com/software/data/bigdata/what-is-big-data.html}},
  note = {Accessed: 2017-06-05}
}


@misc{lloyd,
  title = {Metode segmentiranja podataka},
  howpublished = {\url{http://rr.irb.hr/dms/tutorial/hr_tut_clustering_short.php}},
  note = {Accessed: 2017-06-05}
}

@misc{edm1,
  title = {Educational data mining},
  howpublished = {\url{http://edutechwiki.unige.ch/en/Educational_data_mining}},
  note = {Accessed: 2017-06-05}
}

@misc{edm2,
  title = {Data Mining For Education},
  howpublished = {\url{http://www.columbia.edu/~rsb2162/Encyclopedia%20Chapter%20Draft%20v10%20-fw.pdf}},
  note = {Accessed: 2017-06-05}
}


@misc{super1,
  title = {Supervised learning},
  howpublished = {\url{http://whatis.techtarget.com/definition/supervised-learningl}},
  note = {Accessed: 2017-06-05}
}

@misc{super2,
  title = {Supervised learning},
  howpublished = {\url{http://scikit-learn.org/stable/supervised_learning.html}},
  note = {Accessed: 2017-06-05}
}

@misc{crisp1,
  title = {What is the CRISP-DM methodology?},
  howpublished = {\url{http://www.sv-europe.com/crisp-dm-methodology}},
  note = {Accessed: 2017-06-05}
}


@misc{crisp2,
  title = {Big Data},
  howpublished = {\url{http://www.dummies.com/programming/big-data/}},
  note = {Accessed: 2017-06-05}
}


@misc{crisp3,
  title = {CRISP-DM 1.0},
  howpublished = {\url{https://www.the-modeling-agency.com/crisp-dm.pdf}},
  note = {Accessed: 2017-06-05}
}

@misc{pic,
  title = {Machine Learning Algorithms for Classification},
  howpublished = {\url{www.cs.princeton.edu/~schapire/talks/picasso-minicourse.pdf}},
  note = {Accessed: 2017-05-28}
}

@article {WIDM:WIDM1075,
author = {Romero, Cristobal and Ventura, Sebastian},
title = {Data mining in education},
journal = {Wiley Interdisciplinary Reviews: Data Mining and Knowledge Discovery},
volume = {3},
number = {1},
publisher = {John Wiley & Sons, Inc.},
issn = {1942-4795},
url = {http://dx.doi.org/10.1002/widm.1075},
doi = {10.1002/widm.1075},
pages = {12--27},
year = {2013},
}

@article{baker2010data,
  title={Data mining for education},
  author={Baker, RSJD and others},
  journal={International encyclopedia of education},
  volume={7},
  number={3},
  pages={112--118},
  year={2010},
  publisher={Oxford, UK: Elsevier}
}

@article {SAM:SAM10000,
author = {Goodman, Arnold and Kamath, Chandrika and Kumar, Vipin},
title = {Data Analysis in the 21st Century},
journal = {Statistical Analysis and Data Mining},
volume = {1},
number = {1},
publisher = {Wiley Subscription Services, Inc., A Wiley Company},
issn = {1932-1872},
url = {http://dx.doi.org/10.1002/sam.10000},
doi = {10.1002/sam.10000},
pages = {1--3},
year = {2008},
}
